%% This BibTeX bibliography file was created using BibDesk.
%% http://bibdesk.sourceforge.net/


%% Created for Chloe Desdouits at 2012-11-20 13:19:55 +0100 


%% Saved with string encoding Unicode (UTF-8) 


@comment{jabref-entrytype: Webpage: req[url;howpublished] opt[year;month;title]}



@webpage{fmj_donut,
	Date-Added = {2012-11-20 12:19:01 +0000},
	Date-Modified = {2012-11-20 12:19:52 +0000},
	Howpublished = {\href{http://gatedimension.blogspot.fr/2010/08/columns-and-temples-in-kubricks-full.html}{gatedimension.blogspot.fr}},
	Title = {Columns and Temples In Kubrick's Full Metal Jacket},
	Url = {http://gatedimension.blogspot.fr/2010/08/columns-and-temples-in-kubricks-full.html}}

@webpage{mohi_battle,
	Date-Added = {2012-11-17 10:39:01 +0000},
	Date-Modified = {2012-11-17 10:40:08 +0000},
	Howpublished = {\href{http://fr.wikipedia.org/wiki/Bataille_de_Mohi}{fr.wikipedia.org}},
	Keywords = {bataille Mohi man{\oe}uvre de flanquement},
	Month = {novembre},
	Title = {Bataille de Mohi},
	Url = {http://fr.wikipedia.org/wiki/Bataille_de_Mohi},
	Year = {2012},
	Bdsk-Url-1 = {http://fr.wikipedia.org/wiki/Bataille_de_Mohi}}

@webpage{infantery_charge,
	Date-Added = {2012-11-17 10:32:26 +0000},
	Date-Modified = {2012-11-17 10:33:32 +0000},
	Howpublished = {\href{http://www.sambre-marne-yser.be/article=4.php3?id_article=40}{www.sambre-marne-yser.be}},
	Keywords = {premi{\`e}re guerre mondiale charge infanterie},
	Title = {Le 22 ao{\^u}t 1914},
	Url = {http://www.sambre-marne-yser.be/article=4.php3?id_article=40},
	Bdsk-Url-1 = {http://www.sambre-marne-yser.be/article=4.php3?id_article=40}}

@webpage{charleroi_battle,
	Date-Added = {2012-11-16 09:32:16 +0000},
	Date-Modified = {2012-11-16 09:33:16 +0000},
	Howpublished = {\href{http://fr.wikipedia.org/wiki/Bataille_de_Charleroi}{fr.wikipedia.org}},
	Keywords = {bataille Charleroi premi{\`e}re guerre mondiale WW1},
	Month = {novembre},
	Title = {Bataille de Charleroi},
	Url = {http://fr.wikipedia.org/wiki/Bataille_de_Charleroi},
	Year = {2012},
	Bdsk-Url-1 = {http://fr.wikipedia.org/wiki/Bataille_de_Charleroi}}

@webpage{sabotage,
	Date-Added = {2012-11-14 09:54:45 +0000},
	Date-Modified = {2012-11-14 10:04:29 +0000},
	Howpublished = {\href{http://marelle.org/cdi/h-histoire/images}{marelle.org}},
	Keywords = {sabotage maquisards},
	Title = {1944-sabotage maquisards},
	Url = {http://marelle.org/cdi/h-histoire/images/6%20-%20XXème%20siècle%20et%20monde%20actuel/1939-1945%20-2nde%20guerre%20mondiale/slides/1944-sabotage%20maquisards.html},
	Bdsk-Url-1 = {http://marelle.org/cdi/h-histoire/images/6%20-%20XX%C3%A8me%20si%C3%A8cle%20et%20monde%20actuel/1939-1945%20-2nde%20guerre%20mondiale/slides/1944-sabotage%20maquisards.html}}

@webpage{mongol_cavalery,
	Date-Added = {2012-11-14 09:53:23 +0000},
	Date-Modified = {2012-11-14 09:54:08 +0000},
	Howpublished = {\href{http://www.courrierdessteppes.com/local/cache-gd2/eb1d7299d331960d6856d47d3424d6d9.png}{www.courrierdessteppes.com}},
	Keywords = {charge cavalerie l{\'e}g{\`e}re mongole},
	Url = {http://www.courrierdessteppes.com/local/cache-gd2/eb1d7299d331960d6856d47d3424d6d9.png},
	Bdsk-Url-1 = {http://www.courrierdessteppes.com/local/cache-gd2/eb1d7299d331960d6856d47d3424d6d9.png}}

@webpage{turtle_form,
	Date-Added = {2012-11-14 09:48:21 +0000},
	Date-Modified = {2012-11-14 09:49:08 +0000},
	Howpublished = {\href{http://fr.wikipedia.org/wiki/Tortue_(formation)}{fr.wikipedia.org}},
	Keywords = {formation romaine tortue},
	Month = {juillet},
	Title = {Tortue (formation)},
	Url = {http://fr.wikipedia.org/wiki/Tortue_(formation)},
	Year = {2012},
	Bdsk-Url-1 = {http://fr.wikipedia.org/wiki/Tortue_(formation)}}

@webpage{dmz_corea,
	Date-Added = {2012-11-12 19:45:21 +0000},
	Date-Modified = {2012-11-12 19:47:22 +0000},
	Howpublished = {\href{http://www.1stopkorea.com/index.htm?nk-trip6-dmz.htm~mainframe}{www.1stopkorea.com}},
	Keywords = {organisation arm{\'e}e DMZ Cor{\'e}e},
	Title = {DMZ},
	Url = {http://www.1stopkorea.com/index.htm?nk-trip6-dmz.htm~mainframe},
	Year = {2007},
	Bdsk-Url-1 = {http://www.1stopkorea.com/index.htm?nk-trip6-dmz.htm~mainframe}}

@webpage{risk_picture,
	Date-Added = {2012-11-12 18:46:40 +0000},
	Date-Modified = {2012-11-12 18:48:43 +0000},
	Howpublished = {\href{http://moviebuzzers.com/2011/06/10/ukraine-weak-sony-movie-based-risk-board-game/}{moviebuzzers.com}},
	Keywords = {organisation arm{\'e}e Risk},
	Month = {juin},
	Title = {Ukraine is weak! Sony to make movie based on 'Risk' board game},
	Url = {http://moviebuzzers.com/2011/06/10/ukraine-weak-sony-movie-based-risk-board-game/},
	Year = {2011},
	Bdsk-Url-1 = {http://moviebuzzers.com/2011/06/10/ukraine-weak-sony-movie-based-risk-board-game/}}

@webpage{irish_civil_war_wiki,
	Date-Added = {2012-11-12 18:20:07 +0000},
	Date-Modified = {2012-11-12 18:21:24 +0000},
	Howpublished = {\href{http://en.wikipedia.org/wiki/Irish_Civil_War}{en.wikipedia.org}},
	Keywords = {gu{\'e}rilla Irish Civil War},
	Month = {novembre},
	Title = {Irish Civil War},
	Url = {http://en.wikipedia.org/wiki/Irish_Civil_War},
	Year = {2012},
	Bdsk-Url-1 = {http://en.wikipedia.org/wiki/Irish_Civil_War}}

@webpage{naxalite_guerrilla_wiki,
	Date-Added = {2012-11-12 18:18:24 +0000},
	Date-Modified = {2012-11-17 17:13:03 +0000},
	Howpublished = {\href{http://fr.wikipedia.org/wiki/R%E9bellion_naxalite}{fr.wikipedia.org}},
	Keywords = {gu{\'e}rilla naxalite},
	Month = {novembre},
	Title = {R{\'e}bellion naxalite},
	Url = {http://fr.wikipedia.org/wiki/Rébellion_naxalite},
	Year = {2012},
	Bdsk-Url-1 = {http://fr.wikipedia.org/wiki/R%C3%A9bellion_naxalite}}

@webpage{valdepenas,
	Date-Added = {2012-11-12 16:29:56 +0000},
	Date-Modified = {2012-11-17 17:02:40 +0000},
	Howpublished = {\href{http://fr.wikipedia.org/wiki/Soul%E8vement_de_Valdepe%F1as}{fr.wikipedia.org}},
	Keywords = {benoit},
	Title = {Soul{\`e}vement de Valdepe{\~n}as},
	Url = {http://fr.wikipedia.org/wiki/Soulèvement_de_Valdepeñas},
	Bdsk-Url-1 = {http://en.wikipedia.org/wiki/File:6-de-junio-1808.jpg}}

@webpage{guerrilla_colombia,
	Date-Added = {2012-11-12 16:27:47 +0000},
	Date-Modified = {2012-11-12 16:43:04 +0000},
	Howpublished = {\href{http://www.prensalibre.com/internacional/Guerrilla-colombiana-ELN-ratifica-voluntad_0_464353701.html}{www.prensalibre.com}},
	Keywords = {benoit},
	Title = {Guerilla Colombienne},
	Url = {http://www.prensalibre.com/internacional/Guerrilla-colombiana-ELN-ratifica-voluntad_0_464353701.html},
	Bdsk-Url-1 = {http://www.prensalibre.com/internacional/Guerrilla-colombiana-ELN-ratifica-voluntad_0_464353701.html}}

@webpage{rebel_syrie,
	Date-Added = {2012-11-12 16:27:03 +0000},
	Date-Modified = {2012-11-12 17:10:13 +0000},
	Howpublished = {\href{http://www.lorientlejour.com/category/Moyen+Orient+et+Monde/article/772890/Guerilla_et_defection,_les_bequilles_des_rebelles_syriens.html}{www.lorientlejour.com}},
	Keywords = {benoit},
	Title = {Des rebelles en Syrie},
	Url = {http://www.lorientlejour.com/category/Moyen+Orient+et+Monde/article/772890/Guerilla_et_defection,_les_bequilles_des_rebelles_syriens.html},
	Bdsk-Url-1 = {http://www.lorientlejour.com/category/Moyen+Orient+et+Monde/article/772890/Guerilla_et_defection,_les_bequilles_des_rebelles_syriens.html}}

@webpage{guerrilla_naxalite,
	Date-Added = {2012-11-12 16:21:06 +0000},
	Date-Modified = {2012-11-12 16:44:18 +0000},
	Howpublished = {\href{http://platypus1917.org/2010/08/06/the-maoist-insurgency-in-india-end-of-the-road-for-indian-stalinism/}{platypus1917.org}},
	Keywords = {benoit},
	Title = {A Naxalite guerilla army in central India},
	Url = {http://platypus1917.org/2010/08/06/the-maoist-insurgency-in-india-end-of-the-road-for-indian-stalinism/},
	Bdsk-Url-1 = {http://platypus1917.org/2010/08/06/the-maoist-insurgency-in-india-end-of-the-road-for-indian-stalinism/}}

@webpage{armee_de_cesar,
	Date-Added = {2012-11-12 16:19:35 +0000},
	Date-Modified = {2012-11-12 16:26:50 +0000},
	Howpublished = {\href{http://figs.over-blog.com/article-26288392.html}{figs.over-blog.com}},
	Keywords = {benoit},
	Title = {Arm{\'e}e de C{\'e}sar},
	Url = {http://figs.over-blog.com/article-26288392.html},
	Bdsk-Url-1 = {http://figs.over-blog.com/article-26288392.html}}

@webpage{persian_army,
	Date-Added = {2012-11-10 12:36:49 +0000},
	Date-Modified = {2012-11-10 12:37:57 +0000},
	Howpublished = {\href{http://members.ozemail.com.au/~ancientpersia/army_frm.html}{members.ozemail.com.au}},
	Keywords = {organisation arm{\'e}e perse},
	Title = {The Early Achaemenid Persian Army},
	Url = {http://members.ozemail.com.au/~ancientpersia/army_frm.html},
	Bdsk-Url-1 = {http://members.ozemail.com.au/~ancientpersia/army_frm.html}}

@webpage{roman_legion,
	Date-Added = {2012-11-10 12:26:40 +0000},
	Date-Modified = {2012-11-17 17:11:34 +0000},
	Howpublished = {\href{http://fr.wikipedia.org/wiki/L%E9gion_romaine}{fr.wikipedia.org}},
	Keywords = {organisation arm{\'e}e romaine},
	Month = {octobre},
	Title = {L{\'e}gion romaine},
	Url = {http://fr.wikipedia.org/wiki/Légion_romaine},
	Year = {2012},
	Bdsk-Url-1 = {http://fr.wikipedia.org/wiki/L%C3%A9gion_romaine}}

@webpage{spart_army,
	Date-Added = {2012-11-10 11:28:38 +0000},
	Date-Modified = {2012-11-17 17:06:22 +0000},
	Howpublished = {\href{http://fr.wikipedia.org/wiki/Arm%E9e_spartiate}{fr.wikipedia.org}},
	Keywords = {organisation arm{\'e}e spartiate},
	Month = {novembre},
	Title = {Arm{\'e}e spartiate},
	Url = {http://fr.wikipedia.org/wiki/Armée_spartiate},
	Year = {2012},
	Bdsk-Url-1 = {http://fr.wikipedia.org/wiki/Arm%C3%A9e_spartiate}}

@webpage{heavy_cavalry,
	Date-Added = {2012-11-09 12:17:08 +0000},
	Date-Modified = {2012-11-09 12:18:10 +0000},
	Howpublished = {\href{http://en.wikipedia.org/wiki/Heavy_cavalry}{en.wikipedia.org}},
	Keywords = {tactique cavalerie lourde},
	Month = {octobre},
	Title = {Heavy cavalry},
	Url = {http://en.wikipedia.org/wiki/Heavy_cavalry},
	Year = {2012},
	Bdsk-Url-1 = {http://en.wikipedia.org/wiki/Heavy_cavalry}}

@webpage{infantery,
	Date-Added = {2012-11-09 12:07:57 +0000},
	Date-Modified = {2012-11-09 12:08:50 +0000},
	Howpublished = {\href{http://fr.wikipedia.org/wiki/Infanterie}{fr.wikipedia.org}},
	Keywords = {tactique infanterie},
	Month = {octobre},
	Title = {Infanterie},
	Url = {http://fr.wikipedia.org/wiki/Infanterie},
	Year = {2012},
	Bdsk-Url-1 = {http://fr.wikipedia.org/wiki/Infanterie}}

@webpage{archery,
	Date-Added = {2012-11-09 11:55:00 +0000},
	Date-Modified = {2012-11-17 17:05:12 +0000},
	Howpublished = {\href{http://fr.wikipedia.org/wiki/Archerie_mont%E9e}{fr.wikipedia.org}},
	Keywords = {tactique archerie mont{\'e}e},
	Month = {mai},
	Title = {Archerie mont{\'e}e},
	Url = {http://fr.wikipedia.org/wiki/Archerie_montée},
	Year = {2012},
	Bdsk-Url-1 = {http://fr.wikipedia.org/wiki/Archerie_mont%C3%A9e}}

@webpage{feigned_retreat,
	Date-Added = {2012-11-09 11:24:04 +0000},
	Date-Modified = {2012-11-09 11:27:00 +0000},
	Howpublished = {\href{http://www.gamereplays.org/community/index.php?showtopic=491547}{www.gamereplays.org}},
	Keywords = {tactique retraite feinte},
	Month = {mai},
	Title = {The Square},
	Url = {http://www.gamereplays.org/community/index.php?showtopic=491547},
	Year = {2009},
	Bdsk-Url-1 = {http://www.gamereplays.org/community/index.php?showtopic=491547}}

@article{monnier1993,
	Author = {Th{\'e}ophile Monnier},
	Date-Added = {2012-11-09 11:08:26 +0000},
	Date-Modified = {2012-11-09 11:10:37 +0000},
	Journal = {Casus Belli},
	Keywords = {tactique d{\'e}fense {\'e}lastique},
	Month = {d{\'e}cembre},
	Number = {9},
	Title = {La d{\'e}fense {\'e}lastique - {\'e}tude d'une doctrine tactique},
	Url = {http://cote1664.net/IMG/pdf/elastiq1.pdf},
	Volume = {hors-s{\'e}rie},
	Year = {1993},
	Bdsk-Url-1 = {http://cote1664.net/IMG/pdf/elastiq1.pdf}}

@article{curtisdefense,
	Author = {Curtis, M.V.J.},
	Date-Added = {2012-11-09 11:07:29 +0000},
	Date-Modified = {2012-11-09 11:11:08 +0000},
	Keywords = {tactique d{\'e}fense {\'e}lastique},
	Title = {LA D{\'E}FENSE {\'E}LASTIQUE, 1917-1943},
	Bdsk-Url-1 = {http://www.armee.forces.gc.ca/caj/documents/vol_08/iss_1/CAJ_vol8.1_09_f.pdf}}

@webpage{ambush_picture,
	Date-Added = {2012-11-09 11:03:11 +0000},
	Date-Modified = {2012-11-09 11:04:04 +0000},
	Howpublished = {\href{http://www.militaryphotos.net/forums/showthread.php?108150-Malaysian-Armed-Forces-Pictures/page11}{www.militaryphotos.net}},
	Keywords = {tactique embuscade},
	Month = {septembre},
	Title = {Malaysian Armed Forces Pictures},
	Url = {http://www.militaryphotos.net/forums/showthread.php?108150-Malaysian-Armed-Forces-Pictures/page11},
	Year = {2007},
	Bdsk-Url-1 = {http://www.militaryphotos.net/forums/showthread.php?108150-Malaysian-Armed-Forces-Pictures/page11}}

@webpage{patrolling,
	Date-Added = {2012-11-09 10:45:09 +0000},
	Date-Modified = {2012-11-09 10:46:26 +0000},
	Howpublished = {\href{http://www.globalsecurity.org/military/library/policy/army/fm/7-7/Ch7.htm}{www.globalsecurity.org}},
	Keywords = {tactique},
	Title = {PATROLLING},
	Url = {http://www.globalsecurity.org/military/library/policy/army/fm/7-7/Ch7.htm},
	Year = {2012},
	Bdsk-Url-1 = {http://www.globalsecurity.org/military/library/policy/army/fm/7-7/Ch7.htm}}

@webpage{uzbin_ambush,
	Date-Added = {2012-11-09 10:42:19 +0000},
	Date-Modified = {2012-11-13 10:07:33 +0000},
	Howpublished = {\href{http://fr.wikipedia.org/wiki/Embuscade_d'Uzbin}{fr.wikipedia.org}},
	Keywords = {tactique embuscade},
	Month = {novembre},
	Title = {Embuscade d'Uzbin},
	Url = {http://fr.wikipedia.org/wiki/Embuscade_d'Uzbin},
	Year = {2012},
	Bdsk-Url-1 = {http://fr.wikipedia.org/wiki/Embuscade_d%27Uzbin}}

@webpage{ambush_wiki,
	Date-Added = {2012-11-09 10:30:23 +0000},
	Date-Modified = {2012-11-09 10:31:37 +0000},
	Howpublished = {\href{http://fr.wikipedia.org/wiki/Embuscade}{fr.wikipedia.org}},
	Keywords = {tactique embuscade},
	Month = {septembre},
	Title = {Embuscade},
	Url = {http://fr.wikipedia.org/wiki/Embuscade},
	Year = {2012},
	Bdsk-Url-1 = {http://fr.wikipedia.org/wiki/Embuscade}}

@webpage{couterattack_cedar_creek,
	Date-Added = {2012-11-09 10:14:33 +0000},
	Date-Modified = {2012-11-09 10:15:28 +0000},
	Howpublished = {\href{http://en.wikipedia.org/wiki/Battle_of_Cedar_Creek}{en.wikipedia.org}},
	Keywords = {tactique contre-attaque},
	Month = {octobre},
	Title = {Battle of Cedar Creek},
	Url = {http://en.wikipedia.org/wiki/Battle_of_Cedar_Creek},
	Year = {2012},
	Bdsk-Url-1 = {http://en.wikipedia.org/wiki/Battle_of_Cedar_Creek}}

@webpage{counterattack_wiki,
	Date-Added = {2012-11-09 10:03:31 +0000},
	Date-Modified = {2012-11-09 10:04:51 +0000},
	Howpublished = {\href{http://fr.wikipedia.org/wiki/Contre-attaque_(militaire)}{fr.wikipedia.org}},
	Keywords = {tactique contre-attaque},
	Month = {janvier},
	Title = {Contre-attaque (militaire)},
	Url = {http://fr.wikipedia.org/wiki/Contre-attaque_(militaire)},
	Year = {2012},
	Bdsk-Url-1 = {http://fr.wikipedia.org/wiki/Contre-attaque_(militaire)}}

@webpage{charge_cavalery,
	Date-Added = {2012-11-09 09:53:53 +0000},
	Date-Modified = {2012-11-09 09:55:49 +0000},
	Howpublished = {\href{http://www.gendarmerie.interieur.gouv.fr/garde_republicaine/layout/set/print/Media/Photos-Videos/Photos/Images-de-la-Garde-republicaine/Charge-de-cavalerie}{www.gendarmerie.interieur.gouv.fr}},
	Keywords = {tactique charge},
	Title = {Charge de cavalerie},
	Url = {http://www.gendarmerie.interieur.gouv.fr/garde_republicaine/layout/set/print/Media/Photos-Videos/Photos/Images-de-la-Garde-republicaine/Charge-de-cavalerie},
	Bdsk-Url-1 = {http://www.gendarmerie.interieur.gouv.fr/garde_republicaine/layout/set/print/Media/Photos-Videos/Photos/Images-de-la-Garde-republicaine/Charge-de-cavalerie}}

@webpage{charge_tactic,
	Date-Added = {2012-11-09 09:44:56 +0000},
	Date-Modified = {2012-11-09 09:45:54 +0000},
	Howpublished = {\href{http://en.wikipedia.org/wiki/Charge_(warfare)}{en.wikipedia.org}},
	Keywords = {tactique charge},
	Month = {septembre},
	Title = {Charge (warfare)},
	Url = {http://en.wikipedia.org/wiki/Charge_(warfare)},
	Year = {2012},
	Bdsk-Url-1 = {http://en.wikipedia.org/wiki/Charge_(warfare)}}

@webpage{war,
	Date-Added = {2012-11-01 15:08:44 +0000},
	Date-Modified = {2012-11-01 15:14:50 +0000},
	Howpublished = {\href{http://fr.wikipedia.org/wiki/Guerre}{fr.wikipedia.org}},
	Keywords = {guerre},
	Month = {octobre},
	Title = {Guerre},
	Url = {http://fr.wikipedia.org/wiki/Guerre},
	Year = {2012},
	Bdsk-Url-1 = {http://fr.wikipedia.org/wiki/Guerre}}

@webpage{fort_lupin,
	Date-Added = {2012-11-01 15:06:00 +0000},
	Date-Modified = {2012-11-01 15:07:15 +0000},
	Howpublished = {\href{http://www.bernezac.com/Vauban-fortifications-estuaire-charente.htm}{www.bernezac.com}},
	Keywords = {Vauban fortification Fort Lupin},
	Title = {Vauban et la protection de Rochefort},
	Url = {http://www.bernezac.com/Vauban-fortifications-estuaire-charente.htm},
	Bdsk-Url-1 = {http://www.bernezac.com/Vauban-fortifications-estuaire-charente.htm}}

@article{ilachinski1994,
	Author = {Ilachinski, Andy},
	Date-Added = {2012-11-01 11:55:48 +0000},
	Date-Modified = {2012-11-01 12:01:36 +0000},
	Journal = {Alexandria, VA: Center for Naval Analyses, undated},
	Keywords = {SMA},
	Title = {Towards a science of experimental complexity: An artificial-life approach to modeling warfare},
	Year = {1994},
	Bdsk-Url-1 = {http://wwwhome.ewi.utwente.nl/~hmiproj6/AL/isaac_einstein_paper.pdf}}

@article{ilachinski1999,
	Author = {Ilachinski, Andy},
	Date-Added = {2012-11-01 11:48:17 +0000},
	Date-Modified = {2012-11-01 12:47:50 +0000},
	Journal = {Center for Naval Analyses, Beta-Test Users Guide},
	Keywords = {SMA},
	Number = {610.10},
	Title = {Enhanced Isaac Neural Simulation Toolkit (EINSTein), an Artificial-Life Laboratory for Exploring Self-Organized Emergence in Land Combat},
	Volume = {1101},
	Year = {1999},
	Bdsk-Url-1 = {http://www2.dcs.hull.ac.uk/NEAT/dnd/AI/AndyIlachinski_BriefingSlides.pdf}}

@webpage{guerrilla,
	Date-Added = {2012-11-01 10:46:11 +0000},
	Date-Modified = {2012-11-01 10:47:06 +0000},
	Howpublished = {\href{http://fr.wikipedia.org/wiki/Gu{\'e}rilla}{fr.wikipedia.org}},
	Keywords = {Gu{\'e}rilla},
	Month = {octobre},
	Title = {Gu{\'e}rilla},
	Url = {http://fr.wikipedia.org/wiki/Guérilla},
	Year = {2012},
	Bdsk-Url-1 = {http://fr.wikipedia.org/wiki/Gu%C3%A9rilla}}

@webpage{flanking_maneuver,
	Date-Added = {2012-10-31 14:09:00 +0000},
	Date-Modified = {2012-10-31 14:13:04 +0000},
	Howpublished = {\href{http://en.wikipedia.org/wiki/Flanking_maneuver}{en.wikipedia.org}},
	Keywords = {tactique flanc},
	Month = {octobre},
	Title = {Flanking maneuver},
	Url = {http://en.wikipedia.org/wiki/Flanking_maneuver},
	Year = {2012},
	Bdsk-Url-1 = {http://en.wikipedia.org/wiki/Flanking_maneuver}}

@webpage{pincer_tactic,
	Date-Added = {2012-10-31 14:06:56 +0000},
	Date-Modified = {2012-10-31 14:07:58 +0000},
	Howpublished = {\href{http://en.wikipedia.org/wiki/Pincer_movement}{en.wikipedia.org}},
	Keywords = {tactique tenaille},
	Month = {juillet},
	Title = {Pincer movement},
	Url = {http://en.wikipedia.org/wiki/Pincer_movement},
	Year = {2012},
	Bdsk-Url-1 = {http://en.wikipedia.org/wiki/Pincer_movement}}

@webpage{politique_jomini,
	Date-Added = {2012-10-31 13:19:31 +0000},
	Date-Modified = {2012-10-31 13:20:52 +0000},
	Howpublished = {\href{http://karkemish.wordpress.com/2009/08/22/jomini-politique-de-la-guerre-et-politique-militaire/}{karkemish.wordpress.com}},
	Keywords = {politique militaire guerre},
	Month = {ao{\^u}t},
	Title = {Jomini: Politique de la guerre et politique militaire.},
	Url = {http://karkemish.wordpress.com/2009/08/22/jomini-politique-de-la-guerre-et-politique-militaire/},
	Year = {2009},
	Bdsk-Url-1 = {http://karkemish.wordpress.com/2009/08/22/jomini-politique-de-la-guerre-et-politique-militaire/}}

@webpage{khan_wiki,
	Date-Added = {2012-10-31 11:05:57 +0000},
	Date-Modified = {2012-10-31 11:06:53 +0000},
	Howpublished = {\href{http://en.wikipedia.org/wiki/Genghis_Khan}{en.wikipedia.org}},
	Keywords = {Genghis Khan},
	Month = {octobre},
	Title = {Genghis Khan},
	Url = {http://en.wikipedia.org/wiki/Genghis_Khan},
	Year = {2012},
	Bdsk-Url-1 = {http://en.wikipedia.org/wiki/Genghis_Khan}}

@webpage{caesar_lacks,
	Date-Added = {2012-10-31 10:49:57 +0000},
	Date-Modified = {2012-10-31 10:51:36 +0000},
	Howpublished = {\href{http://www.battlefieldanomalies.com/caesar/index.htm}{www.battlefieldanomalies.com}},
	Keywords = {C{\'e}sar},
	Month = {avril},
	Title = {Julius Caesar, Man, Soldier and Tyrant},
	Url = {http://www.battlefieldanomalies.com/caesar/index.htm},
	Year = {2004},
	Bdsk-Url-1 = {http://www.battlefieldanomalies.com/caesar/index.htm}}

@webpage{caesar_wiki,
	Date-Added = {2012-10-30 19:56:50 +0000},
	Date-Modified = {2012-10-31 10:32:50 +0000},
	Howpublished = {\href{http://en.wikipedia.org/wiki/Julius_Caesar}{en.wikipedia.org}},
	Keywords = {C{\'e}sar},
	Month = {octobre},
	Title = {Julius Caesar},
	Url = {http://en.wikipedia.org/wiki/Julius_Caesar},
	Year = {2012},
	Bdsk-Url-1 = {http://en.wikipedia.org/wiki/Julius_Caesar}}

@webpage{alexandre_balkans,
	Date-Added = {2012-10-30 18:54:22 +0000},
	Date-Modified = {2012-10-30 18:55:33 +0000},
	Howpublished = {\href{http://robertsteuckers.blogspot.fr/2012/03/strategie-brzezinski-axe.html}{robertsteuckers.blogspot.fr}},
	Keywords = {Alexandre le Grand},
	Month = {novembre},
	Title = {Strat{\'e}gie Brzezinski, Axe Paris/Berlin/Moscou et guerres indirectes},
	Url = {http://robertsteuckers.blogspot.fr/2012/03/strategie-brzezinski-axe.html},
	Year = {2003},
	Bdsk-Url-1 = {http://robertsteuckers.blogspot.fr/2012/03/strategie-brzezinski-axe.html}}

@webpage{alexander_the_great,
	Date-Added = {2012-10-30 17:11:09 +0000},
	Date-Modified = {2012-10-30 17:12:05 +0000},
	Howpublished = {\href{http://en.wikipedia.org/wiki/Alexander_the_great}{en.wikipedia.org}},
	Keywords = {Alexandre le Grand},
	Month = {octobre},
	Title = {Alexander the Great},
	Url = {http://en.wikipedia.org/wiki/Alexander_the_great},
	Year = {2012},
	Bdsk-Url-1 = {http://en.wikipedia.org/wiki/Alexander_the_great}}

@webpage{napoleon_portrait,
	Date-Added = {2012-10-30 16:59:26 +0000},
	Date-Modified = {2012-11-17 16:21:32 +0000},
	Howpublished = {\href{http://www.histoire-en-questions.fr/personnages/napoleon%20mufleries.html}{www.histoire-en-questions.fr}},
	Keywords = {Napol{\'e}on},
	Title = {Les mufleries de Napol{\'e}on 1er...},
	Url = {http://www.histoire-en-questions.fr/personnages/napoleon mufleries.html},
	Bdsk-Url-1 = {http://www.histoire-en-questions.fr/personnages/napoleon%20mufleries.html}}

@webpage{napoleon_wiki,
	Date-Added = {2012-10-30 15:58:01 +0000},
	Date-Modified = {2012-11-17 17:10:41 +0000},
	Howpublished = {\href{http://fr.wikipedia.org/wiki/Napol%E9on_Ier}{fr.wikipedia.org}},
	Keywords = {Napol{\'e}on},
	Month = {octobre},
	Title = {Napol{\'e}on $1^{er}$},
	Url = {http://fr.wikipedia.org/wiki/Napoléon_Ier},
	Year = {2012},
	Bdsk-Url-1 = {http://fr.wikipedia.org/wiki/Napol%C3%A9on_Ier}}

@webpage{sun_tzu_wiki,
	Date-Added = {2012-10-30 15:49:22 +0000},
	Date-Modified = {2012-10-30 15:50:54 +0000},
	Howpublished = {\href{http://fr.wikipedia.org/wiki/Sun_Tzu}{fr.wikipedia.org}},
	Keywords = {Sun Tzu},
	Month = {octobre},
	Title = {Sun Tzu},
	Url = {http://fr.wikipedia.org/wiki/Sun_Tzu},
	Year = {2012},
	Bdsk-Url-1 = {http://fr.wikipedia.org/wiki/Sun_Tzu}}

@webpage{sun_tzu_fighting,
	Date-Added = {2012-10-30 15:47:03 +0000},
	Date-Modified = {2012-10-30 15:48:31 +0000},
	Howpublished = {\href{http://seanlinnane.blogspot.fr/2010/07/sun-tzu-art-of-fighting-without.html}{seanlinnane.blogspot.fr}},
	Keywords = {Sun Tzu},
	Month = {juillet},
	Title = {Sun Tzu : the art of fighting without fighting},
	Url = {http://seanlinnane.blogspot.fr/2010/07/sun-tzu-art-of-fighting-without.html},
	Year = {2010},
	Bdsk-Url-1 = {http://seanlinnane.blogspot.fr/2010/07/sun-tzu-art-of-fighting-without.html}}

@webpage{napoleon,
	Date-Added = {2012-10-30 15:08:16 +0000},
	Date-Modified = {2012-10-30 15:10:59 +0000},
	Howpublished = {\href{http://pedagogie.ac-montpellier.fr/hist_geo/defense/pdf/cercle/Bonaparte_chef_militaire.pdf}{pedagogie.ac-montpellier.fr}},
	Keywords = {Napol{\'e}on},
	Title = {Napol{\'e}on Bonaparte, chef militaire dans l'Histoire},
	Url = {http://pedagogie.ac-montpellier.fr/hist_geo/defense/pdf/cercle/Bonaparte_chef_militaire.pdf},
	Bdsk-Url-1 = {http://pedagogie.ac-montpellier.fr/hist_geo/defense/pdf/cercle/Bonaparte_chef_militaire.pdf}}

@book{tzu1997art,
	Author = {Tzu, Sun},
	Date-Added = {2012-10-30 13:15:41 +0000},
	Date-Modified = {2012-10-30 15:49:03 +0000},
	Keywords = {Sun Tzu},
	Title = {L'art de la guerre}}

@webpage{ww1,
	Date-Added = {2012-10-30 13:03:19 +0000},
	Date-Modified = {2012-11-17 17:12:28 +0000},
	Howpublished = {\href{http://fr.wikipedia.org/wiki/Premi%E8re_Guerre_mondiale}{fr.wikipedia.org}},
	Keywords = {guerre},
	Month = {octobre},
	Title = {Premi{\`e}re Guerre mondiale},
	Url = {http://fr.wikipedia.org/wiki/Première_Guerre_mondiale},
	Year = {2012},
	Bdsk-Url-1 = {http://fr.wikipedia.org/wiki/Premi%C3%A8re_Guerre_mondiale}}

@inproceedings{doran2005iruba,
	Author = {Doran, J.},
	Booktitle = {Representing Social Reality, Pre-proceedings of the Third Conference of the European Social Simulation Association (ESSA)},
	Date-Added = {2012-10-29 12:20:24 +0000},
	Date-Modified = {2012-11-01 11:42:34 +0000},
	Keywords = {SMA},
	Pages = {198--205},
	Title = {Iruba: An agent-based model of the guerrilla war process},
	Year = {2005},
	Bdsk-File-1 = {YnBsaXN0MDDUAQIDBAUIJidUJHRvcFgkb2JqZWN0c1gkdmVyc2lvblkkYXJjaGl2ZXLRBgdUcm9vdIABqAkKFRYXGyIjVSRudWxs0wsMDQ4RElpOUy5vYmplY3RzViRjbGFzc1dOUy5rZXlzog8QgASABoAHohMUgAKAA1lhbGlhc0RhdGFccmVsYXRpdmVQYXRo0hgMGRpXTlMuZGF0YU8RAdwAAAAAAdwAAgAADE1hY2ludG9zaCBIRAAAAAAAAAAAAAAAAAAAAMrQqfBIKwAAAUXjfhJkb3JhbjIwMDVpcnViYS5wZGYAAAAAAAAAAAAAAAAAAAAAAAAAAAAAAAAAAAAAAAAAAAAAAAAAAAAAAAAAAAABVdSVzJ3K9QAAAAAAAAAAAAEAAgAACSAAAAAAAAAAAAAAAAAAAAAGZXhwb3NlABAACAAAytCN0AAAABEACAAAzJ2u1QAAAAEAHAFF434BQNshAT/VkwAQ9GsADhFvAA25mwANuZgAAgBcTWFjaW50b3NoIEhEOlVzZXJzOgBDbG86AERvY3VtZW50czoARmFjOgBNMjoAU29jaWV0ZXNfdmlydHVlbGxlczoAZXhwb3NlOgBkb3JhbjIwMDVpcnViYS5wZGYADgAmABIAZABvAHIAYQBuADIAMAAwADUAaQByAHUAYgBhAC4AcABkAGYADwAaAAwATQBhAGMAaQBuAHQAbwBzAGgAIABIAEQAEgBIVXNlcnMvQ2xvL0RvY3VtZW50cy9GYWMvTTIvU29jaWV0ZXNfdmlydHVlbGxlcy9leHBvc2UvZG9yYW4yMDA1aXJ1YmEucGRmABMAAS8AABUAAgAK//8AAIAF0hwdHh9YJGNsYXNzZXNaJGNsYXNzbmFtZaMfICFdTlNNdXRhYmxlRGF0YVZOU0RhdGFYTlNPYmplY3RfEBJkb3JhbjIwMDVpcnViYS5wZGbSHB0kJaIlIVxOU0RpY3Rpb25hcnkSAAGGoF8QD05TS2V5ZWRBcmNoaXZlcgAIABEAFgAfACgAMgA1ADoAPABFAEsAUgBdAGQAbABvAHEAcwB1AHgAegB8AIYAkwCYAKACgAKCAocCkAKbAp8CrQK0Ar0C0gLXAtoC5wLsAAAAAAAAAgEAAAAAAAAAKAAAAAAAAAAAAAAAAAAAAv4=}}

@book{ferber1995systemes,
	Author = {Ferber, J. and Perrot, J.F.},
	Date-Added = {2012-10-29 12:21:05 +0000},
	Date-Modified = {2012-11-01 11:42:26 +0000},
	Keywords = {SMA},
	Publisher = {InterEditions},
	Title = {Les syst{\`e}mes multi-agents: vers une intelligence collective},
	Year = {1995},
	Bdsk-File-1 = {YnBsaXN0MDDUAQIDBAUIJidUJHRvcFgkb2JqZWN0c1gkdmVyc2lvblkkYXJjaGl2ZXLRBgdUcm9vdIABqAkKFRYXGyIjVSRudWxs0wsMDQ4RElpOUy5vYmplY3RzViRjbGFzc1dOUy5rZXlzog8QgASABoAHohMUgAKAA1lhbGlhc0RhdGFccmVsYXRpdmVQYXRo0hgMGRpXTlMuZGF0YU8RAewAAAAAAewAAgAADE1hY2ludG9zaCBIRAAAAAAAAAAAAAAAAAAAAMrQqfBIKwAAAUXjfhZmZXJiZXIxOTk1c3lzdGVtZXMucGRmAAAAAAAAAAAAAAAAAAAAAAAAAAAAAAAAAAAAAAAAAAAAAAAAAAAAAAABVdSWzJriUQAAAAAAAAAAAAEAAgAACSAAAAAAAAAAAAAAAAAAAAAGZXhwb3NlABAACAAAytCN0AAAABEACAAAzJrGMQAAAAEAHAFF434BQNshAT/VkwAQ9GsADhFvAA25mwANuZgAAgBgTWFjaW50b3NoIEhEOlVzZXJzOgBDbG86AERvY3VtZW50czoARmFjOgBNMjoAU29jaWV0ZXNfdmlydHVlbGxlczoAZXhwb3NlOgBmZXJiZXIxOTk1c3lzdGVtZXMucGRmAA4ALgAWAGYAZQByAGIAZQByADEAOQA5ADUAcwB5AHMAdABlAG0AZQBzAC4AcABkAGYADwAaAAwATQBhAGMAaQBuAHQAbwBzAGgAIABIAEQAEgBMVXNlcnMvQ2xvL0RvY3VtZW50cy9GYWMvTTIvU29jaWV0ZXNfdmlydHVlbGxlcy9leHBvc2UvZmVyYmVyMTk5NXN5c3RlbWVzLnBkZgATAAEvAAAVAAIACv//AACABdIcHR4fWCRjbGFzc2VzWiRjbGFzc25hbWWjHyAhXU5TTXV0YWJsZURhdGFWTlNEYXRhWE5TT2JqZWN0XxAWZmVyYmVyMTk5NXN5c3RlbWVzLnBkZtIcHSQloiUhXE5TRGljdGlvbmFyeRIAAYagXxAPTlNLZXllZEFyY2hpdmVyAAgAEQAWAB8AKAAyADUAOgA8AEUASwBSAF0AZABsAG8AcQBzAHUAeAB6AHwAhgCTAJgAoAKQApIClwKgAqsCrwK9AsQCzQLmAusC7gL7AwAAAAAAAAACAQAAAAAAAAAoAAAAAAAAAAAAAAAAAAADEg==}}

@inproceedings{goh2006modeling,
	Author = {Goh, CK and Quek, HY and Tan, KC and Abbass, HA},
	Booktitle = {Evolutionary Computation, 2006. CEC 2006. IEEE Congress on},
	Date-Added = {2012-10-29 12:21:35 +0000},
	Date-Modified = {2012-11-01 11:42:41 +0000},
	Keywords = {SMA},
	Organization = {IEEE},
	Pages = {1624--1631},
	Title = {Modeling civil violence: An evolutionary multi-agent, game theoretic approach},
	Year = {2006},
	Bdsk-File-1 = {YnBsaXN0MDDUAQIDBAUIJidUJHRvcFgkb2JqZWN0c1gkdmVyc2lvblkkYXJjaGl2ZXLRBgdUcm9vdIABqAkKFRYXGyIjVSRudWxs0wsMDQ4RElpOUy5vYmplY3RzViRjbGFzc1dOUy5rZXlzog8QgASABoAHohMUgAKAA1lhbGlhc0RhdGFccmVsYXRpdmVQYXRo0hgMGRpXTlMuZGF0YU8RAeIAAAAAAeIAAgAADE1hY2ludG9zaCBIRAAAAAAAAAAAAAAAAAAAAMrQqfBIKwAAAUXjfhNnb2gyMDA2bW9kZWxpbmcucGRmAAAAAAAAAAAAAAAAAAAAAAAAAAAAAAAAAAAAAAAAAAAAAAAAAAAAAAAAAAABVdSXzJ3K6QAAAAAAAAAAAAEAAgAACSAAAAAAAAAAAAAAAAAAAAAGZXhwb3NlABAACAAAytCN0AAAABEACAAAzJ2uyQAAAAEAHAFF434BQNshAT/VkwAQ9GsADhFvAA25mwANuZgAAgBdTWFjaW50b3NoIEhEOlVzZXJzOgBDbG86AERvY3VtZW50czoARmFjOgBNMjoAU29jaWV0ZXNfdmlydHVlbGxlczoAZXhwb3NlOgBnb2gyMDA2bW9kZWxpbmcucGRmAAAOACgAEwBnAG8AaAAyADAAMAA2AG0AbwBkAGUAbABpAG4AZwAuAHAAZABmAA8AGgAMAE0AYQBjAGkAbgB0AG8AcwBoACAASABEABIASVVzZXJzL0Nsby9Eb2N1bWVudHMvRmFjL00yL1NvY2lldGVzX3ZpcnR1ZWxsZXMvZXhwb3NlL2dvaDIwMDZtb2RlbGluZy5wZGYAABMAAS8AABUAAgAK//8AAIAF0hwdHh9YJGNsYXNzZXNaJGNsYXNzbmFtZaMfICFdTlNNdXRhYmxlRGF0YVZOU0RhdGFYTlNPYmplY3RfEBNnb2gyMDA2bW9kZWxpbmcucGRm0hwdJCWiJSFcTlNEaWN0aW9uYXJ5EgABhqBfEA9OU0tleWVkQXJjaGl2ZXIACAARABYAHwAoADIANQA6ADwARQBLAFIAXQBkAGwAbwBxAHMAdQB4AHoAfACGAJMAmACgAoYCiAKNApYCoQKlArMCugLDAtkC3gLhAu4C8wAAAAAAAAIBAAAAAAAAACgAAAAAAAAAAAAAAAAAAAMF}}

@phdthesis{madeira2007agents,
	Author = {Madeira, C.},
	Date-Added = {2012-10-07 12:30:43 +0000},
	Date-Modified = {2012-11-01 11:42:48 +0000},
	Keywords = {SMA},
	School = {Th{\`e}se de Doctorat de l'Universit{\'e} Paris 6, France},
	Title = {Agents adaptatifs dans les jeux de strat{\'e}gie modernes: une approche fond{\'e}e sur l'apprentissage par renforcement},
	Year = {2007},
	Bdsk-Url-1 = {http://www-desir.lip6.fr/~sma/seminaires/Exposes/Madeira.pdf}}

@book{urbain_guerrilla,
	Author = {Carlos Marighella},
	Date-Added = {2012-10-29 12:36:02 +0000},
	Date-Modified = {2012-10-29 12:37:24 +0000},
	Keywords = {gu{\'e}rilla urbaine},
	Month = {Juin},
	Title = {Manuel de Guerilla Urbaine},
	Year = {1969},
	Bdsk-Url-1 = {http://www.mecanopolis.org/wp-content/uploads/2009/12/guerilla.pdf}}

@techreport{mert2001modeling,
	Author = {Mert, E. and Jilson, E.W.},
	Date-Added = {2012-10-29 12:19:38 +0000},
	Date-Modified = {2012-11-01 11:42:54 +0000},
	Institution = {DTIC Document},
	Keywords = {SMA},
	Title = {Modeling Conventional Land Combat in a Multi-Agent System Using Generalization of the Different Combat Entities and Combat Operations},
	Year = {2001},
	Bdsk-File-1 = {YnBsaXN0MDDUAQIDBAUIJidUJHRvcFgkb2JqZWN0c1gkdmVyc2lvblkkYXJjaGl2ZXLRBgdUcm9vdIABqAkKFRYXGyIjVSRudWxs0wsMDQ4RElpOUy5vYmplY3RzViRjbGFzc1dOUy5rZXlzog8QgASABoAHohMUgAKAA1lhbGlhc0RhdGFccmVsYXRpdmVQYXRo0hgMGRpXTlMuZGF0YU8RAeQAAAAAAeQAAgAADE1hY2ludG9zaCBIRAAAAAAAAAAAAAAAAAAAAMrQqfBIKwAAAUXjfhRtZXJ0MjAwMW1vZGVsaW5nLnBkZgAAAAAAAAAAAAAAAAAAAAAAAAAAAAAAAAAAAAAAAAAAAAAAAAAAAAAAAAABVdSUzJ3K0gAAAAAAAAAAAAEAAgAACSAAAAAAAAAAAAAAAAAAAAAGZXhwb3NlABAACAAAytCN0AAAABEACAAAzJ2usgAAAAEAHAFF434BQNshAT/VkwAQ9GsADhFvAA25mwANuZgAAgBeTWFjaW50b3NoIEhEOlVzZXJzOgBDbG86AERvY3VtZW50czoARmFjOgBNMjoAU29jaWV0ZXNfdmlydHVlbGxlczoAZXhwb3NlOgBtZXJ0MjAwMW1vZGVsaW5nLnBkZgAOACoAFABtAGUAcgB0ADIAMAAwADEAbQBvAGQAZQBsAGkAbgBnAC4AcABkAGYADwAaAAwATQBhAGMAaQBuAHQAbwBzAGgAIABIAEQAEgBKVXNlcnMvQ2xvL0RvY3VtZW50cy9GYWMvTTIvU29jaWV0ZXNfdmlydHVlbGxlcy9leHBvc2UvbWVydDIwMDFtb2RlbGluZy5wZGYAEwABLwAAFQACAAr//wAAgAXSHB0eH1gkY2xhc3Nlc1okY2xhc3NuYW1lox8gIV1OU011dGFibGVEYXRhVk5TRGF0YVhOU09iamVjdF8QFG1lcnQyMDAxbW9kZWxpbmcucGRm0hwdJCWiJSFcTlNEaWN0aW9uYXJ5EgABhqBfEA9OU0tleWVkQXJjaGl2ZXIACAARABYAHwAoADIANQA6ADwARQBLAFIAXQBkAGwAbwBxAHMAdQB4AHoAfACGAJMAmACgAogCigKPApgCowKnArUCvALFAtwC4QLkAvEC9gAAAAAAAAIBAAAAAAAAACgAAAAAAAAAAAAAAAAAAAMI}}

@article{sokolowski2003,
	Author = {Sokolowski, J.A.},
	Date-Modified = {2012-11-12 14:50:40 +0000},
	File = {:Sokolowski-brims2003-2.pdf:PDF},
	Journal = {Simulation},
	Keywords = {SMA},
	Number = {4},
	Pages = {232--242},
	Publisher = {Sage Publications},
	Title = {Enhanced decision modeling using multiagent system simulation},
	Volume = {79},
	Year = {2003},
	Bdsk-File-1 = {YnBsaXN0MDDUAQIDBAUIJidUJHRvcFgkb2JqZWN0c1gkdmVyc2lvblkkYXJjaGl2ZXLRBgdUcm9vdIABqAkKFRYXGyIjVSRudWxs0wsMDQ4RElpOUy5vYmplY3RzViRjbGFzc1dOUy5rZXlzog8QgASABoAHohMUgAKAA1lhbGlhc0RhdGFccmVsYXRpdmVQYXRo0hgMGRpXTlMuZGF0YU8RAfwAAAAAAfwAAgAADE1hY2ludG9zaCBIRAAAAAAAAAAAAAAAAAAAAMrQqfBIKwAAAUXjfhpTb2tvbG93c2tpLWJyaW1zMjAwMy0yLnBkZgAAAAAAAAAAAAAAAAAAAAAAAAAAAAAAAAAAAAAAAAAAAAAAAAABVe6rzLRX2gAAAAAAAAAAAAEAAgAACSAAAAAAAAAAAAAAAAAAAAAGZXhwb3NlABAACAAAytCN0AAAABEACAAAzLRJygAAAAEAHAFF434BQNshAT/VkwAQ9GsADhFvAA25mwANuZgAAgBkTWFjaW50b3NoIEhEOlVzZXJzOgBDbG86AERvY3VtZW50czoARmFjOgBNMjoAU29jaWV0ZXNfdmlydHVlbGxlczoAZXhwb3NlOgBTb2tvbG93c2tpLWJyaW1zMjAwMy0yLnBkZgAOADYAGgBTAG8AawBvAGwAbwB3AHMAawBpAC0AYgByAGkAbQBzADIAMAAwADMALQAyAC4AcABkAGYADwAaAAwATQBhAGMAaQBuAHQAbwBzAGgAIABIAEQAEgBQVXNlcnMvQ2xvL0RvY3VtZW50cy9GYWMvTTIvU29jaWV0ZXNfdmlydHVlbGxlcy9leHBvc2UvU29rb2xvd3NraS1icmltczIwMDMtMi5wZGYAEwABLwAAFQACAAr//wAAgAXSHB0eH1gkY2xhc3Nlc1okY2xhc3NuYW1lox8gIV1OU011dGFibGVEYXRhVk5TRGF0YVhOU09iamVjdF8QGlNva29sb3dza2ktYnJpbXMyMDAzLTIucGRm0hwdJCWiJSFcTlNEaWN0aW9uYXJ5EgABhqBfEA9OU0tleWVkQXJjaGl2ZXIACAARABYAHwAoADIANQA6ADwARQBLAFIAXQBkAGwAbwBxAHMAdQB4AHoAfACGAJMAmACgAqACogKnArACuwK/As0C1ALdAvoC/wMCAw8DFAAAAAAAAAIBAAAAAAAAACgAAAAAAAAAAAAAAAAAAAMm}}

@webpage{military_rank,
	Howpublished = {\href{https://en.wikipedia.org/wiki/Military_rank}{en.wikipedia.org}},
	Title = {Military rank},
	Url = {http://en.wikipedia.org/wiki/Military_rank},
	Bdsk-Url-1 = {http://en.wikipedia.org/wiki/Military_rank}}

@webpage{military_organization,
	Howpublished = {\url{https://en.wikipedia.org/wiki/Military_organization}{en.wikipedia.org}},
	Title = {Military organization},
	Url = {https://en.wikipedia.org/wiki/Military_organization},
	Bdsk-Url-1 = {https://en.wikipedia.org/wiki/Military_organization}}

@webpage{Alexanders_tactics,
	Date-Added = {2012-10-29 12:44:43 +0000},
	Date-Modified = {2012-11-17 17:14:13 +0000},
	Howpublished = {\href{http://fr.wikipedia.org/wiki/Tactique_militaire_utilis%E9e_par_Alexandre_le_Grand}{fr.wikipedia.org}},
	Keywords = {tactique Alexandre le Grand},
	Month = {septembre},
	Title = {Tactique militaire utilis{\'e}e par Alexandre le Grand},
	Url = {\href{http://fr.wikipedia.org/wiki/Tactique_militaire_utilisée_par_Alexandre_le_Grand}{fr.wikipedia.org}},
	Year = {2012},
	Bdsk-Url-1 = {http://fr.wikipedia.org/wiki/Tactique_militaire_utilis%C3%A9e_par_Alexandre_le_Grand}}

@webpage{asymmetric_warfare,
	Date-Added = {2012-10-29 12:38:40 +0000},
	Date-Modified = {2012-10-29 12:39:59 +0000},
	Howpublished = {\href{http://en.wikipedia.org/wiki/Asymmetric_warfare}{en.wikipedia.org}},
	Month = {Octobre},
	Title = {Asymmetric warfare},
	Url = {\href{http://en.wikipedia.org/wiki/Asymmetric_warfare}{en.wikipedia.org}},
	Year = {2012},
	Bdsk-Url-1 = {http://en.wikipedia.org/wiki/Asymmetric_warfare}}

@webpage{guerrilla_warfare,
	Date-Added = {2012-10-29 12:37:32 +0000},
	Date-Modified = {2012-10-29 12:38:30 +0000},
	Howpublished = {\href{http://en.wikipedia.org/wiki/Guerrilla_warfare}{en.wikipedia.org}},
	Month = {octobre},
	Title = {Guerrilla warfare},
	Url = {\href{http://en.wikipedia.org/wiki/Guerrilla_warfare}{en.wikipedia.org}},
	Year = {2012},
	Bdsk-Url-1 = {http://en.wikipedia.org/wiki/Guerrilla_warfare}}

@webpage{military_strategy,
	Date-Added = {2012-10-29 12:45:27 +0000},
	Date-Modified = {2012-11-17 17:13:34 +0000},
	Howpublished = {\href{http://fr.wikipedia.org/wiki/Strat%E9gie_militaire}{fr.wikipedia.org}},
	Keywords = {strat{\'e}gie militaire},
	Month = {septembre},
	Title = {Strat{\'e}gie militaire},
	Url = {\href{http://fr.wikipedia.org/wiki/Stratégie_militaire}{fr.wikipedia.org}},
	Year = {2012},
	Bdsk-Url-1 = {http://fr.wikipedia.org/wiki/Strat%C3%A9gie_militaire}}

@webpage{military_unit,
	Date-Added = {2012-10-29 12:28:22 +0000},
	Date-Modified = {2012-11-17 17:05:30 +0000},
	Howpublished = {\href{http://fr.wikipedia.org/wiki/Unit%E9_militaire}{fr.wikipedia.org}},
	Keywords = {arm{\'e}e},
	Month = {septembre},
	Title = {Unit{\'e} militaire},
	Url = {\href{http://fr.wikipedia.org/wiki/Unité_militaire}{fr.wikipedia.org}},
	Year = {2012},
	Bdsk-Url-1 = {http://fr.wikipedia.org/wiki/Unit%C3%A9_militaire}}

@webpage{mongol_army,
	Date-Added = {2012-10-29 12:41:22 +0000},
	Date-Modified = {2012-11-17 17:05:34 +0000},
	Howpublished = {\href{http://fr.wikipedia.org/wiki/Arm%E9e_mongole}{fr.wikipedia.org}},
	Keywords = {arm{\'e}e Mongole},
	Month = {ao{\^u}t},
	Title = {Arm{\'e}e mongole},
	Url = {\href{http://fr.wikipedia.org/wiki/Armée_mongole}{fr.wikipedia.org}},
	Year = {2012},
	Bdsk-Url-1 = {http://fr.wikipedia.org/wiki/Arm%C3%A9e_mongole}}

@webpage{roman_infantry_tactics,
	Date-Added = {2012-10-29 12:42:26 +0000},
	Date-Modified = {2012-10-29 12:43:55 +0000},
	Howpublished = {\href{http://fr.wikipedia.org/wiki/Tactiques_de_l'infanterie_romaine}{fr.wikipedia.org}},
	Keywords = {tactique infanterie romaine},
	Month = {octobre},
	Title = {Tactiques de l'infanterie romaine},
	Url = {\href{http://fr.wikipedia.org/wiki/Tactiques_de_l'infanterie_romaine}{fr.wikipedia.org}},
	Year = {2012},
	Bdsk-Url-1 = {http://fr.wikipedia.org/wiki/Tactiques_de_l'infanterie_romaine}}

@webpage{tactic,
	Date-Added = {2012-10-29 12:43:59 +0000},
	Date-Modified = {2012-10-29 12:44:39 +0000},
	Howpublished = {\href{http://fr.wikipedia.org/wiki/Tactique}{fr.wikipedia.org}},
	Keywords = {tactique},
	Month = {septembre},
	Title = {Tactique militaire},
	Url = {\href{http://fr.wikipedia.org/wiki/Tactique}{fr.wikipedia.org}},
	Year = {2012},
	Bdsk-Url-1 = {http://fr.wikipedia.org/wiki/Tactique}}

@webpage{guerrilla_strategy,
	Date-Added = {2012-10-29 12:33:45 +0000},
	Date-Modified = {2012-10-29 12:35:05 +0000},
	Howpublished = {\href{http://www.leconflit.com/article-strategies-de-guerilla-72841753.html}{www.leconflit.com}},
	Keywords = {gu{\'e}rilla strat{\'e}gie},
	Month = {avril},
	Title = {Strat{\'e}gies de gu{\'e}rilla},
	Url = {\href{http://www.leconflit.com/article-strategies-de-guerilla-72841753.html}{www.leconflit.com}},
	Year = {2011},
	Bdsk-Url-1 = {http://www.leconflit.com/article-strategies-de-guerilla-72841753.html}}

@webpage{simu_guerre,
	Date-Added = {2012-10-15 13:22:24 +0000},
	Date-Modified = {2012-11-01 11:43:09 +0000},
	Howpublished = {\href{http://www.internetactu.net/2011/04/27/lart-simule-de-la-guerre/}{www.internetactu.net}},
	Keywords = {guerre simulation SMA},
	Month = {avril},
	Title = {L'art (simul{\'e}) de la guerre},
	Url = {\href{http://www.internetactu.net/2011/04/27/lart-simule-de-la-guerre/}{www.internetactu.net}},
	Year = {2011},
	Bdsk-Url-1 = {http://www.internetactu.net/2011/04/27/lart-simule-de-la-guerre/}}

@webpage{military_company_strategy,
	Date-Added = {2012-10-29 12:30:22 +0000},
	Date-Modified = {2012-10-29 12:31:37 +0000},
	Howpublished = {\href{http://blog.pondaven.net/2009/08/28/les-strategies-militaires-en-avance-par-rapport-a-celles-des-entreprises/}{blog.pondaven.net}},
	Keywords = {stat{\'e}gie militaire entreprise},
	Month = {ao{\^u}t},
	Title = {Les strat{\'e}gies militaires en avance par rapport {\`a} celles des entreprises ?},
	Url = {\href{http://blog.pondaven.net/2009/08/28/les-strategies-militaires-en-avance-par-rapport-a-celles-des-entreprises/}{blog.pondaven.net}},
	Year = {2009},
	Bdsk-Url-1 = {http://blog.pondaven.net/2009/08/28/les-strategies-militaires-en-avance-par-rapport-a-celles-des-entreprises/}}

@webpage{resistance_military_strategy,
	Date-Added = {2012-10-29 12:32:25 +0000},
	Date-Modified = {2012-10-29 12:33:30 +0000},
	Howpublished = {\href{http://www.charles-de-gaulle.org/pages/l-homme/dossiers-thematiques/1944-1946-la-liberation/de-gaulle-et-la-liberation/analyses/une-strategie-militaire-pour-la-resistance.php}{www.charles-de-gaulle.org}},
	Keywords = {stat{\'e}gie militaire r{\'e}sistance},
	Title = {Une strat{\'e}gie militaire pour la R{\'e}sistance},
	Url = {\href{http://www.charles-de-gaulle.org/pages/l-homme/dossiers-thematiques/1944-1946-la-liberation/de-gaulle-et-la-liberation/analyses/une-strategie-militaire-pour-la-resistance.php}{www.charles-de-gaulle.org}},
	Year = {2004},
	Bdsk-Url-1 = {http://www.charles-de-gaulle.org/pages/l-homme/dossiers-thematiques/1944-1946-la-liberation/de-gaulle-et-la-liberation/analyses/une-strategie-militaire-pour-la-resistance.php}}
